<record><leader>00000cas a22000007a 4500</leader><controlfield tag="001">10151270</controlfield><controlfield tag="008">831121d18531871txuwr ne      0    0eng d</controlfield><datafield ind1=" " ind2=" " tag="010"><subfield code="a">sn 83021345 </subfield></datafield><datafield ind1=" " ind2=" " tag="040"><subfield code="a">NPX</subfield><subfield code="b">eng</subfield><subfield code="c">NPX</subfield><subfield code="d">PPM</subfield><subfield code="d">OCLCQ</subfield></datafield><datafield ind1=" " ind2=" " tag="042"><subfield code="a">msc</subfield></datafield><datafield ind1="0" ind2="4" tag="245"><subfield code="a">The Brenham weekly inquirer.</subfield></datafield><datafield ind1="1" ind2="3" tag="246"><subfield code="a">Brenham inquirer</subfield></datafield><datafield ind1=" " ind2=" " tag="260"><subfield code="a">Brenham, Tex. :</subfield><subfield code="b">D.H. Rankin</subfield></datafield><datafield ind1=" " ind2=" " tag="300"><subfield code="a">v. ;</subfield><subfield code="c">62 cm.</subfield></datafield><datafield ind1=" " ind2=" " tag="310"><subfield code="a">Weekly</subfield></datafield><datafield ind1="1" ind2=" " tag="362"><subfield code="a">Began in 1853?</subfield></datafield><datafield ind1="1" ind2=" " tag="362"><subfield code="a">Ceased in 1871?</subfield><subfield code="z">Cf. Gregory, W. Amer. newspapers.</subfield></datafield><datafield ind1=" " ind2=" " tag="588"><subfield code="a">Description based on: Vol. 11, no. 8 (Sept. 14, 1867).</subfield></datafield><datafield ind1=" " ind2=" " tag="752"><subfield code="a">United States</subfield><subfield code="b">Texas</subfield><subfield code="c">Washington</subfield><subfield code="d">Brenham.</subfield></datafield><datafield ind1="0" ind2="0" tag="780"><subfield code="t">Brenham inquirer</subfield><subfield code="w">(DLC)sn 83021344</subfield></datafield></record>